00588cas a22002291a 4500
001 999329113502836
003 Nz
005 20161223153240.0
008 040114c19859999nz  r ne      0   0 eng  
035    $a (NLNZils)932911
035    $a (Nz)8184685
035    $a (NLNZils)932911-ilsdb
035    $a (OCoLC)173423503
040    $a NZNB $c NZNB
042    $a nznb
043    $a u-nz---
245 00 $a Waiheke bulletin.
260    $a [Oneroa, N.Z. : $b s.n., $c 1985-]
310    $a Weekly
362 0  $a 1985 Sep.5-
651  0 $a Waiheke Island (N.Z.) $v Newspapers.
655  7 $a New Zealand newspapers. $2 local $5 Nz
